@misc{gemini-gpt-comparison,
  author = {Riya Bansal},
  year = {2025},
  title = {Gemini 2.0 Flash vs o4-mini: Can Google Do Better Than OpenAI?},
  url = {https://www.analyticsvidhya.com/blog/2025/04/gemini-2-0-flash-vs-o4-mini/?utm_source=chatgpt.com},
}
@misc{gpt-consumption,
    title = {Power consumption of ChatGPT queries not as high as previously thought},
    year = {2025},
    url = {https://www.linkedin.com/pulse/power-consumption-chatgpt-queries-high-previously-thought-julian-wong-ey28c},
    author = {Julian Wong},
}
